@book{weidmann,
   title =     {Einführung in das mathematische Arbeiten},
   author =    {Schichl, Hermann and Steinbauer, Roland},
   publisher = {Springer Verlag Berlin-Heidelberg},
   year =      {2009}
 },
 
 